@article{EL:Cork,
author = {Victor Eijkhout and Andries Lenstra},
title = {The document style designer as a separate entity},
journal = {TUGboat},
volume = {12},
issue = {1},
year = {1991},
pages = {31--34}
}

@book{E:book,
author = {Victor Eijkhout},
title = {{\TeX} by Topic},
publisher = {Addison-Wesley},
howpublished = {http://eijkhout.net/texbytopic/texbytopic.html} ,
year = {1992}
}

@article{E:Portland,
author = {Victor Eijkhout},
title = {Just give me a Lollipop (it makes my heart go giddy-up)},
journal = {TUGboat},
volume = {13},
issue = {3},
year = {1992},
pages = {341--346}
}

@book{Kn:book,
author = {Donald E. Knuth},
title = {The {\TeX} Book},
publisher = {Addison-Wesley},
year = {1984, reprinted with corrections 1989}
}

@book{La:book,
author = {Leslie Lamport},
title = {{\LaTeX} A Document Preparation System},
publisher = {Addison-Wesley},
year = {1986}
}

@article{Pe:epigrams,
author = {Alan Perlis},
title = {Epigrams on programming},
journal = {ACM Sigplan Notices},
volume = {17},
issue = {9},
year = {1982},
pages = {7--13}
}

@book{SeLe:book,
author = {Raymond Seroul and Silvio Levy},
title = {A Beginner's Book of \TeX},
publisher = {Springer Verlag},
year = {1990}
}

